%%% ====================================================================
%%%  BibTeX-file{
%%%     author          = "Gerry Murray",
%%%     version         = "1.2",
%%%     date            = "2 April 2012",
%%%     filename        = "acmsmall-sample-bibfile.bib",
%%%     address         = "ACM, NY",
%%%     email           = "murray at hq.acm.org",
%%%     codetable       = "ISO/ASCII",
%%%     keywords        = "ACM Reference Format, bibliography, citation, references",
%%%     supported       = "yes",
%%%     docstring       = "This BibTeX database file contains 'bibdata' entries
%%%                        that 'match' the examples provided in the Specifications Document
%%%                        AND, also, 'legacy'-type bibs. It should assist authors in 
%%%                        choosing the 'correct' at-bibtype and necessary bib-fields
%%%                        so as to obtain the appropriate ACM Reference Format output. 
%%%			   It also contains many 'Standard Abbreviations'. "
%%%  }
%%% ====================================================================

% Journals

% First the Full Name is given, then the abbreviation used in the AMS Math
% Reviews, with an indication if it could not be found there.
% Note the 2nd overwrites the 1st, so swap them if you want the full name.

 %{AMS}
 @String{AMSTrans = "American Mathematical Society Translations" }
 @String{AMSTrans = "Amer. Math. Soc. Transl." }
 @String{BullAMS = "Bulletin of the American Mathematical Society" }
 @String{BullAMS = "Bull. Amer. Math. Soc." }
 @String{ProcAMS = "Proceedings of the American Mathematical Society" }
 @String{ProcAMS = "Proc. Amer. Math. Soc." }
 @String{TransAMS = "Transactions of the American Mathematical Society" }
 @String{TransAMS = "Trans. Amer. Math. Soc." }

 %ACM
 @String{CACM = "Communications of the {ACM}" }
 @String{CACM = "Commun. {ACM}" }
 @String{CompServ = "Comput. Surveys" }
 @String{JACM = "J. ACM" }
 @String{ACMMathSoft = "{ACM} Transactions on Mathematical Software" }
 @String{ACMMathSoft = "{ACM} Trans. Math. Software" }
 @String{SIGNUM = "{ACM} {SIGNUM} Newsletter" }
 @String{SIGNUM = "{ACM} {SIGNUM} Newslett." }

 @String{AmerSocio = "American Journal of Sociology" }
 @String{AmerStatAssoc = "Journal of the American Statistical Association" }
 @String{AmerStatAssoc = "J. Amer. Statist. Assoc." }
 @String{ApplMathComp = "Applied Mathematics and Computation" }
 @String{ApplMathComp = "Appl. Math. Comput." }
 @String{AmerMathMonthly = "American Mathematical Monthly" }
 @String{AmerMathMonthly = "Amer. Math. Monthly" }
 @String{BIT = "{BIT}" }
 @String{BritStatPsych = "British Journal of Mathematical and Statistical
          Psychology" }
 @String{BritStatPsych = "Brit. J. Math. Statist. Psych." }
 @String{CanMathBull = "Canadian Mathematical Bulletin" }
 @String{CanMathBull = "Canad. Math. Bull." }
 @String{CompApplMath = "Journal of Computational and Applied Mathematics" }
 @String{CompApplMath = "J. Comput. Appl. Math." }
 @String{CompPhys = "Journal of Computational Physics" }
 @String{CompPhys = "J. Comput. Phys." }
 @String{CompStruct = "Computers and Structures" }
 @String{CompStruct = "Comput. \& Structures" }
 @String{CompJour = "The Computer Journal" }
 @String{CompJour = "Comput. J." }
 @String{CompSysSci = "Journal of Computer and System Sciences" }
 @String{CompSysSci = "J. Comput. System Sci." }
 @String{Computing = "Computing" }
 @String{ContempMath = "Contemporary Mathematics" }
 @String{ContempMath = "Contemp. Math." }
 @String{Crelle = "Crelle's Journal" }
 @String{GiornaleMath = "Giornale di Mathematiche" }
 @String{GiornaleMath = "Giorn. Mat." } % didn't find in AMS MR., ibid.

 %IEEE
 @String{Computer = "{IEEE} Computer" }
 @String{IEEETransComp = "{IEEE} Transactions on Computers" }
 @String{IEEETransComp = "{IEEE} Trans. Comput." }
 @String{IEEETransAC = "{IEEE} Transactions on Automatic Control" }
 @String{IEEETransAC = "{IEEE} Trans. Automat. Control" }
 @String{IEEESpec = "{IEEE} Spectrum" } % didn't find in AMS MR
 @String{ProcIEEE = "Proceedings of the {IEEE}" }
 @String{ProcIEEE = "Proc. {IEEE}" } % didn't find in AMS MR
 @String{IEEETransAeroElec = "{IEEE} Transactions on Aerospace and Electronic
     Systems" }
 @String{IEEETransAeroElec = "{IEEE} Trans. Aerospace Electron. Systems" }

 @String{IMANumerAna = "{IMA} Journal of Numerical Analysis" }
 @String{IMANumerAna = "{IMA} J. Numer. Anal." }
 @String{InfProcLet = "Information Processing Letters" }
 @String{InfProcLet = "Inform. Process. Lett." }
 @String{InstMathApp = "Journal of the Institute of Mathematics and
     its Applications" }
 @String{InstMathApp = "J. Inst. Math. Appl." }
 @String{IntControl = "International Journal of Control" }
 @String{IntControl = "Internat. J. Control" }
 @String{IntNumerEng = "International Journal for Numerical Methods in
     Engineering" }
 @String{IntNumerEng = "Internat. J. Numer. Methods Engrg." }
 @String{IntSuper = "International Journal of Supercomputing Applications" }
 @String{IntSuper = "Internat. J. Supercomputing Applic." } % didn't find
%% in AMS MR
 @String{Kibernetika = "Kibernetika" }
 @String{JResNatBurStand = "Journal of Research of the National Bureau
     of Standards" }
 @String{JResNatBurStand = "J. Res. Nat. Bur. Standards" }
 @String{LinAlgApp = "Linear Algebra and its Applications" }
 @String{LinAlgApp = "Linear Algebra Appl." }
 @String{MathAnaAppl = "Journal of Mathematical Analysis and Applications" }
 @String{MathAnaAppl = "J. Math. Anal. Appl." }
 @String{MathAnnalen = "Mathematische Annalen" }
 @String{MathAnnalen = "Math. Ann." }
 @String{MathPhys = "Journal of Mathematical Physics" }
 @String{MathPhys = "J. Math. Phys." }
 @String{MathComp = "Mathematics of Computation" }
 @String{MathComp = "Math. Comp." }
 @String{MathScand = "Mathematica Scandinavica" }
 @String{MathScand = "Math. Scand." }
 @String{TablesAidsComp = "Mathematical Tables and Other Aids to Computation" }
 @String{TablesAidsComp = "Math. Tables Aids Comput." }
 @String{NumerMath = "Numerische Mathematik" }
 @String{NumerMath = "Numer. Math." }
 @String{PacificMath = "Pacific Journal of Mathematics" }
 @String{PacificMath = "Pacific J. Math." }
 @String{ParDistComp = "Journal of Parallel and Distributed Computing" }
 @String{ParDistComp = "J. Parallel and Distrib. Comput." } % didn't find
%% in AMS MR
 @String{ParComputing = "Parallel Computing" }
 @String{ParComputing = "Parallel Comput." }
 @String{PhilMag = "Philosophical Magazine" }
 @String{PhilMag = "Philos. Mag." }
 @String{ProcNAS = "Proceedings of the National Academy of Sciences
                    of the USA" }
 @String{ProcNAS = "Proc. Nat. Acad. Sci. U. S. A." }
 @String{Psychometrika = "Psychometrika" }
 @String{QuartMath = "Quarterly Journal of Mathematics, Oxford, Series (2)" }
 @String{QuartMath = "Quart. J. Math. Oxford Ser. (2)" }
 @String{QuartApplMath = "Quarterly of Applied Mathematics" }
 @String{QuartApplMath = "Quart. Appl. Math." }
 @String{RevueInstStat = "Review of the International Statisical Institute" }
 @String{RevueInstStat = "Rev. Inst. Internat. Statist." }

 %SIAM
 @String{JSIAM = "Journal of the Society for Industrial and Applied
     Mathematics" }
 @String{JSIAM = "J. Soc. Indust. Appl. Math." }
 @String{JSIAMB = "Journal of the Society for Industrial and Applied
     Mathematics, Series B, Numerical Analysis" }
 @String{JSIAMB = "J. Soc. Indust. Appl. Math. Ser. B Numer. Anal." }
 @String{SIAMAlgMeth = "{SIAM} Journal on Algebraic and Discrete Methods" }
 @String{SIAMAlgMeth = "{SIAM} J. Algebraic Discrete Methods" }
 @String{SIAMAppMath = "{SIAM} Journal on Applied Mathematics" }
 @String{SIAMAppMath = "{SIAM} J. Appl. Math." }
 @String{SIAMComp = "{SIAM} Journal on Computing" }
 @String{SIAMComp = "{SIAM} J. Comput." }
 @String{SIAMMatrix = "{SIAM} Journal on Matrix Analysis and Applications" }
 @String{SIAMMatrix = "{SIAM} J. Matrix Anal. Appl." }
 @String{SIAMNumAnal = "{SIAM} Journal on Numerical Analysis" }
 @String{SIAMNumAnal = "{SIAM} J. Numer. Anal." }
 @String{SIAMReview = "{SIAM} Review" }
 @String{SIAMReview = "{SIAM} Rev." }
 @String{SIAMSciStat = "{SIAM} Journal on Scientific and Statistical
     Computing" }
 @String{SIAMSciStat = "{SIAM} J. Sci. Statist. Comput." }

 @String{SoftPracExp = "Software Practice and Experience" }
 @String{SoftPracExp = "Software Prac. Experience" } % didn't find in AMS MR
 @String{StatScience = "Statistical Science" }
 @String{StatScience = "Statist. Sci." }
 @String{Techno = "Technometrics" }
 @String{USSRCompMathPhys = "{USSR} Computational Mathematics and Mathematical
     Physics" }
 @String{USSRCompMathPhys = "{U. S. S. R.} Comput. Math. and Math. Phys." }
 @String{VLSICompSys = "Journal of {VLSI} and Computer Systems" }
 @String{VLSICompSys = "J. {VLSI} Comput. Syst." }
 @String{ZAngewMathMech = "Zeitschrift fur Angewandte Mathematik und
     Mechanik" }
 @String{ZAngewMathMech = "Z. Angew. Math. Mech." }
 @String{ZAngewMathPhys = "Zeitschrift fur Angewandte Mathematik und Physik" }
 @String{ZAngewMathPhys = "Z. Angew. Math. Phys." }

% Publishers % ================================================= |

 @String{Academic = "Academic Press" }
 @String{ACMPress = "{ACM} Press" }
 @String{AdamHilger = "Adam Hilger" }
 @String{AddisonWesley = "Addison-Wesley" }
 @String{AllynBacon = "Allyn and Bacon" }
 @String{AMS = "American Mathematical Society" }
 @String{Birkhauser = "Birkha{\"u}ser" }
 @String{CambridgePress = "Cambridge University Press" }
 @String{Chelsea = "Chelsea" }
 @String{ClaredonPress = "Claredon Press" }
 @String{DoverPub = "Dover Publications" }
 @String{Eyolles = "Eyolles" }
 @String{HoltRinehartWinston = "Holt, Rinehart and Winston" }
 @String{Interscience = "Interscience" }
 @String{JohnsHopkinsPress = "The Johns Hopkins University Press" }
 @String{JohnWileySons = "John Wiley and Sons" }
 @String{Macmillan = "Macmillan" }
 @String{MathWorks = "The Math Works Inc." }
 @String{McGrawHill = "McGraw-Hill" }
 @String{NatBurStd = "National Bureau of Standards" }
 @String{NorthHolland = "North-Holland" }
 @String{OxfordPress = "Oxford University Press" }  %address Oxford or London?
 @String{PergamonPress = "Pergamon Press" }
 @String{PlenumPress = "Plenum Press" }
 @String{PrenticeHall = "Prentice-Hall" }
 @String{SIAMPub = "{SIAM} Publications" }
 @String{Springer = "Springer-Verlag" }
 @String{TexasPress = "University of Texas Press" }
 @String{VanNostrand = "Van Nostrand" }
 @String{WHFreeman = "W. H. Freeman and Co." }

%Entries

% cited by 512
@article{white2009exploratory,
	title={Exploratory search: Beyond the query-response paradigm},
	author={White, Ryen W and Roth, Resa A},
	journal={Synthesis lectures on information concepts, retrieval, and services},
	volume={1},
	number={1},
	pages={1--98},
	year={2009},
	publisher={M\&C}
}

% cited by 183
@inproceedings{wei2010tiara,
	title={{TIARA}: a visual exploratory text analytic system},
	author={Wei, Furu and Liu, Shixia and Song, Yangqiu and Pan, Shimei and Zhou, Michelle X and Qian, Weihong and Shi, Lei and Tan, Li and Zhang, Qiang},
	booktitle={KDD},
	pages={153--162},
	year={2010}
}

% cited by 63
@article{chen2009exemplar,
	title={Exemplar-based visualization of large document corpus},
	author={Chen, Yanhua and Wang, Lijun and Dong, Ming and Hua, Jing},
	journal={IEEE Transactions on Visualization and Computer Graphics},
	volume={15},
	number={6},
	year={2009},
	publisher={IEEE},
	paged={1161--1168}
}

% cited by 22
@inproceedings{gronemann2012drawing,
	title={Drawing clustered graphs as topographic maps},
	author={Gronemann, Martin and J{\"u}nger, Michael},
	booktitle={International Symposium on Graph Drawing},
	pages={426--438},
	year={2012}
}
%,organization={Springer}

% cited by 4
@inproceedings{sen2017cartograph,
	title={Cartograph: Unlocking Spatial Visualization Through Semantic Enhancement},
	author={Sen, Shilad and Swoap, Anja Beth and Li, Qisheng and Boatman, Brooke and Dippenaar, Ilse and Gold, Rebecca and Ngo, Monica and Pujol, Sarah and Jackson, Bret and Hecht, Brent},
	booktitle={IUI},
	pages={179--190},
	year={2017},
	organization={ACM}
}

%cited by (?)
@article{pang2017creating,
	title={Creating realistic map-like visualisations: Results from user studies},
	author={Pang, Patrick Cheong-Iao and Biuk-Aghai, Robert P and Yang, Muye and Pang, Bin},
	journal={Journal of Visual Languages \& Computing},
	year={2017},
	publisher={Elsevier},
	volume={43},
	pages={60--70}
}

% cited by 155
@article{fortuna2005visualization,
	title={Visualization of text document corpus},
	author={Fortuna, Blaz and Grobelnik, Marko and Mladenic, Dunja},
	journal={Informatica},
	volume={29},
	number={4},
	year={2005},
	pages={497--502}
}

% cited by 2
@inproceedings{tao2017honvis,
	title={HoNVis: Visualizing and Exploring Higher-Order Networks},
	author={Tao, Jun and Xu, Jian and Wang, Chaoli and Chawla, Nitesh V},
	booktitle={PacificVis},
	organization={IEEE},
	year={2017}
}

% cited by 19
@inproceedings{fried2014maps,
	title={Maps of computer science},
	author={Fried, Daniel and Kobourov, Stephen G},
	booktitle={PacificVis},
	pages={113--120},
	year={2014},
	organization={IEEE}
}

% cited by 5
@article{sallaberry2016contact,
	title={Contact trees: Network visualization beyond nodes and edges},
	author={Sallaberry, Arnaud and Fu, Yang-chih and Ho, Hwai-Chung and Ma, Kwan-Liu},
	journal={PloS one},
	volume={11},
	number={1},
	pages={1--23},
	year={2016},
	publisher={Public Library of Science}
}

% cited by 1
@inproceedings{dang2017cactustree,
	title={CactusTree: A tree drawing approach for hierarchical edge bundling},
	author={Dang, Tommy and Forbes, Angus},
	booktitle={PacificVis},
	pages={210--214},
	year={2017},
	organization={IEEE}
}

% cited by 13
@article{efrat2015mapsets,
	title={MapSets: Visualizing Embedded and Clustered Graphs.},
	author={Efrat, Alon and Hu, Yifan and Kobourov, Stephen G and Pupyrev, Sergey},
	journal={Graph Algorithm Applications},
	volume={19},
	number={2},
	pages={571--593},
	year={2015}
}

% cited by (?)
@inproceedings{hildenbrand2016flexible,
	title={Flexible Level-of-Detail Rendering for Large Graphs},
	author={Hildenbrand, Jan and Nocaj, Arlind and Brandes, Ulrik},
	booktitle={24th International Symposium on Graph Drawing and Network Visualization},
	pages={625--627},
	year={2016}
}

@article{hu2017,
	author    = {Zhaocheng Zhu and Junfeng Hu},
	title     = {Context Aware Document Embedding},
	journal   = {CoRR},
	year      = {2017}
}
%volume    = {abs/1707.01521},

% cited by 53
@article{yang2014overlapping,
	title={Overlapping communities explain core--periphery organization of networks},
	author={Yang, Jaewon and Leskovec, Jure},
	journal={Proceedings of the IEEE},
	volume={102},
	number={12},
	pages={1892--1902},
	year={2014},
	publisher={IEEE}
}

% cited by 1729
@inproceedings{le2014distributed,
	title={Distributed representations of sentences and documents},
	author={Le, Quoc and Mikolov, Tomas},
	booktitle={ICML},
	pages={1188--1196},
	year={2014}
}

% cited by 3648
@article{maaten2008visualizing,
	title={Visualizing data using t-SNE},
	author={Maaten, Laurens van der and Hinton, Geoffrey},
	journal={Journal of Machine Learning Research},
	volume={9},
	number={11},
	pages={2579--2605},
	year={2008}
}

% cited by 272
@inproceedings{grover2016node2vec,
	title={node2vec: Scalable feature learning for networks},
	author={Grover, Aditya and Leskovec, Jure},
	booktitle={KDD},
	pages={855--864},
	year={2016},
	organization={ACM}
}

% cited by 15
@article{goyal2017graph,
	title={Graph Embedding Techniques, Applications, and Performance: A Survey},
	author={Goyal, Palash and Ferrara, Emilio},
	journal={Knowledge Based Systems},
	year={2017}
}

% cited by 15
@inproceedings{wang2016linked,
	title={Linked document embedding for classification},
	author={Wang, Suhang and Tang, Jiliang and Aggarwal, Charu and Liu, Huan},
	booktitle={Proceedings of the 25th ACM International on Conference on Information and Knowledge Management},
	pages={115--124},
	year={2016},
	organization={ACM}
}

% cited by 25
@inproceedings{bikakis2016exploration,
	title={Exploration and visualization in the web of big linked data: A survey of the state of the art},
	author={Bikakis, Nikos and Sellis, Timos},
	booktitle={LWDM},
	year={2016}
}